@article{Mess,
  title={Lorentz spacetimes of constant curvature},
  author={Mess, Geoffrey},
  journal={arXiv:0706.1570},
  year={2007}
}

@article{bonsanteseppi,
  title={Anti-de Sitter geometry and Teichm{\"u}ller theory},
  author={Bonsante, Francesco and Seppi, Andrea},
  journal={In the tradition of Thurston: Geometry and topology},
  pages={545--643},
  year={2020},
  publisher={Springer}
}

@book{hawking2023large,
  title={The large scale structure of space-time},
  author={Hawking, Stephen W and Ellis, George FR},
  year={2023},
  publisher={Cambridge university press}
}

@book{gardiner2000quasiconformal,
  title={Quasiconformal Teichmuller theory},
  author={Gardiner, Frederick P and Lakic, Nikola},
  number={76},
  year={2000},
  publisher={American Mathematical Soc.}
}



@article{kerckhoff1983nielsen,
  title={The Nielsen realization problem},
  author={Kerckhoff, Steven P},
  journal={Annals of mathematics},
  pages={235--265},
  year={1983},
  publisher={JSTOR}
}


@book{benedetti2009canonical,
  title={Canonical Wick rotations in 3-dimensional gravity},
  author={Benedetti, Riccardo and Bonsante, Francesco},
  year={2009},
  publisher={American Mathematical Soc.}
}

@book{kapovich2001hyperbolic,
  title={Hyperbolic manifolds and discrete groups},
  author={Kapovich, Michael},
  volume={183},
  year={2001},
  publisher={Springer Science \& Business Media}
}




@unpublished{diaf2023anti,
  TITLE = {The Anti-de Sitter proof of Thurston's earthquake theorem},
  AUTHOR = {Diaf, Farid and Seppi, Andrea},
  URL = {https://hal.science/hal-04235471},
  NOTE = {working paper or preprint},
  HAL_LOCAL_REFERENCE = {IF\_PREPUB},
  YEAR = {2023},
  MONTH = Oct,
  PDF = {https://hal.science/hal-04235471/file/2306.03631%20%281%29.pdf},
  HAL_ID = {hal-04235471},
  HAL_VERSION = {v1},
}



@article{Krasnov_2007,
   title={Minimal surfaces and particles in 3-manifolds},
   volume={126},
   ISSN={1572-9168},
   url={http://dx.doi.org/10.1007/s10711-007-9132-1},
   DOI={10.1007/s10711-007-9132-1},
   number={1},
   journal={Geometriae Dedicata},
   publisher={Springer Science and Business Media LLC},
   author={Krasnov, Kirill and Schlenker, Jean-Marc},
   year={2007},
   month=mar, pages={187–254} }


@article{okubo_1970, title={Foundations of Differential Geometry, II by S.
Kobayashi And K. Nomizu. Interscience Publication, Wiley, New York
(1969).}, volume={13}, number={2},
journal={Canadian Mathematical Bulletin}, publisher={Cambridge
University Press}, author={Okubo, T.}, year={1970} } 

@article{thurston1986earthquakes,
  title={Earthquakes in two-dimensional hyperbolic geometry William P. Thurston},
  author={Thurston, William P},
  journal={Low-dimensional topology and Kleinian groups},
  volume={112},
  pages={91},
  year={1986},
  publisher={CUP Archive}
}

@article{barbot2008causal,
  title={Causal properties of AdS-isometry groups I: Causal actions and limit sets},
  author={Barbot, Thierry},
  journal={Adv. Theor. Math. Phys.},
  volume={12},
  year={2008}
}



@article{mcshane1934extension,
  title={Extension of range of functions},
  author={McShane, Edward James},
  journal={Bulletin of the American Mathematical Society},
  year={1934},
  volume={40},
  pages={837-842},
  url={https://api.semanticscholar.org/CorpusID:38462037}
}

@article{Seppi_2017,
   title={The flux homomorphism on closed hyperbolic surfaces and Anti-de Sitter three-dimensional geometry},
   volume={4},
   ISSN={2300-7443},
   url={http://dx.doi.org/10.1515/coma-2017-0013},
   DOI={10.1515/coma-2017-0013},
   number={1},
   journal={Complex Manifolds},
   publisher={Walter de Gruyter GmbH},
   author={Seppi, Andrea},
   year={2017},
   month=dec, pages={183–199} }
   
@misc{emam2022gauss,
      title={On the Gauss map of equivariant immersions in hyperbolic space}, 
      author={Christian El Emam and Andrea Seppi},
      year={2022},
      eprint={2008.07390},
      archivePrefix={arXiv},
      primaryClass={math.DG}
}

@misc{bonsante2017equivariant,
      title={Equivariant maps into Anti-de Sitter space and the symplectic geometry of $\mathbb H^2\times \mathbb H^2$}, 
      author={Francesco Bonsante and Andrea Seppi},
      year={2017},
      eprint={1706.00846},
      archivePrefix={arXiv},
      primaryClass={math.GT}
}

@misc{barbot2008prescribing,
      title={Prescribing Gauss curvature of surfaces in 3-dimensional spacetimes, Application to the Minkowski problem in the Minkowski space}, 
      author={Thierry Barbot and François Béguin and Abdelghani Zeghib},
      year={2008},
      eprint={0804.1053},
      archivePrefix={arXiv},
      primaryClass={gr-qc}
}

@misc{barbot2004constant,
      title={Constant mean curvature foliations of globally hyperbolic spacetimes locally modelled on $AdS_3$}, 
      author={Thierry Barbot and Francois Beguin and Abdelghani Zeghib},
      year={2004},
      eprint={math/0412111},
      archivePrefix={arXiv},
      primaryClass={math.MG}
}

@article{piccione2005single,
  title={The single-leaf Frobenius theorem with applications},
  author={Piccione, Paolo and Tausk, Daniel V},
  journal={arXiv preprint math/0510555},
  year={2005}
}

@book{Gallot,
  author         = {Sylvestre, Gallot and Dominique, Hulin and Jacques Lafontaine},
  publisher      = {Springer Berlin, Heidelberg},
  title          = {Riemannian Geometry},
  year           = {2004}
}

@book{goldman1980discontinuous,
  title={Discontinuous groups and the Euler class},
  author={Goldman, William Mark},
  year={1980},
  publisher={University of California, Berkeley}
}

@book{canary2006fundamentals,
  title={Fundamentals of hyperbolic manifolds: Selected expositions},
  author={Canary, Richard Douglas and Marden, Albert and Epstein, David BA},
  number={328},
  year={2006},
  publisher={Cambridge University Press}
}